<?xml version="1.0" encoding="UTF-8"?><collection xmlns="http://www.loc.gov/MARC21/slim"><record><leader>00587nam--2200193-u-4500</leader><controlfield tag="001">000054229</controlfield><controlfield tag="002">20161230</controlfield><controlfield tag="005">20161230201051</controlfield><controlfield tag="008">110919s1000------------r-----000-0-rus-d</controlfield><datafield ind1=" " ind2=" " tag="040"><subfield code="a">IFIN-HH</subfield></datafield><datafield ind1=" " ind2=" " tag="041"><subfield code="a">rus</subfield></datafield><datafield ind1=" " ind2=" " tag="080"><subfield code="a">537.84</subfield></datafield><datafield ind1="1" ind2=" " tag="100"><subfield code="a">O`Dell,T.H</subfield></datafield><datafield ind1="1" ind2="0" tag="245"><subfield code="a">Ferromagnitodinamika</subfield><subfield code="b">Dinamika dmd, domenov i domennih stenok</subfield><subfield code="c">T.h. o'dell</subfield></datafield><datafield ind1=" " ind2=" " tag="260"><subfield code="a">Moskva</subfield><subfield code="b">Mir</subfield><subfield code="c">1983</subfield></datafield><datafield ind1=" " ind2=" " tag="300"><subfield code="a">253P</subfield></datafield><datafield ind1=" " ind2=" " tag="500"><subfield code="a">Titlul Original In Limba Engleza: Ferromagnetodynamics The Dynamics Of Magnetic Bubles, Domains And Domain Walls</subfield></datafield><datafield ind1=" " ind2=" " tag="852"><subfield code="a">71295</subfield><subfield code="c">538.221</subfield></datafield><datafield ind1=" " ind2=" " tag="CAT"><subfield code="a">Sys</subfield><subfield code="c">20110919</subfield><subfield code="h">130419</subfield></datafield></record></collection>